@online{evernote-website,
    author = {Evernote~Corporation},
    jornal = {Evernote},
    title = {Evernote},
    url = {https://evernote.com/},
    year = 2023,
    urldate = {2023-11-20}
}

@online{OneNote-help, 
    author = {Microsoft},
    journal={OneNote help & learning},
    title = {OneNote help},
    url = {https://support.microsoft.com/en-us/onenote},
    year = 2023,
    urldate = {2023-11-21}
}

@online{Joplin-website,
    author = {Laurent Cozic},
    journal = {Joplin help},
    title = {Joplin},
    url = {https://joplinapp.org/help/},
    date = {2023-10-30},
    urldate = {2023-11-27}
}

@online{notion-help, 
    journal={Notion help},
    author = {Notion~Labs~Inc.},
    title = {Notion},
    url = {https://www.notion.so/help/reference},
    date = {2023},
    urldate = {2023-12-07}
}

@online{obsidian-website,
    author = {Obsidian},
    title = {Obsidian},
    url = {https://obsidian.md/},
    title = {Obsidian},
    date = {2023},
    urldate = {2023-12-09}
}

@online{Difference-native-non-native,
    journal = {Medium},
    author = {Bavosa, Alan},
    title = {Native vs Non-Native Mobile Apps - What’s the Difference?},
    url = {https://medium.com/swlh/native-vs-non-native-mobile-apps-whats-the-difference-b3a641e06f52},
    publisher={The startup},
    date = {2021-09-09},
    urldate = {2024-02-02}
}

@online{native_apps,
    journal = {mDevelopers},
    title = {What is a Native Mobile App Development?},
    author = {Peter Koffer},
    url = {https://mdevelopers.com/blog/what-is-a-native-mobile-app-development-},
    date = {2023-09-05},
    urldate = {2024-02-09}
}

@Thesis{Michal_Zopp,
    author = {Michal Zopp},
    title = {Cross-platform Mobile Application Development Comparison},
    type = {Diplomová práce},
    institution = {Masarykova univerzita, Fakulta informatiky},
    year = {2020},
}

@online{native-vs-multiplatform,
    title = {What is Native mobile app development? Pros and cons of building applications natively.},
    author = {Yogesh Murugesh},
    journal = {Mallow technologies},
    url = {https://mallow-tech.com/blog/what-is-native-mobile-app-development-pros-and-cons-of-building-applications-natively/},
    date = {2023-09-29},
    urldate = {2024-02-05}
}

@online{raygun-native-development,
    title = {The 2023 guide to native app development},
    author = {Anna Monus},
    journal = {Raygun},
    url = {https://raygun.com/blog/native-app-development/},
    date = {2023-01-31},
    urldate = {2024-03-26}
}

@online {kotlin-docs,
    title = {Kotlin docs},
    author = {Kotlin},
    url = {https://kotlinlang.org/docs/home.html},
    urldate = {2024-02-06}
}

@online{techtarget-kotlin,
    title = {What is Kotlin?},
    author = {Ben Lutkevich},
    journal = {TechTarget},
    url = {https://www.techtarget.com/whatis/definition/Kotlin?vgnextfmt=print},
    date = {2022-12-28},
    urldate = {2024-03-25}
}

%url = https://books.google.cz/books?hl=cs&lr=&id=PJZGDwAAQBAJ&oi=fnd&pg=PP1&dq=kotlin+android&ots=3LdcbAOSzD&sig=nqRGukjBzQ132EWWyaPjAloZVm8&redir_esc=y#v=onepage&q=kotlin%20android&f=false
@book{moskala2017android,
    title={Android Development with Kotlin},
    author={Moskala, Marcin AND Wojda, Igor},
    year={2017},
    publisher={Packt Publishing Ltd},
    address = {Birmingham, UK},
    isbn = {978-1-78712-368-7},
    language = {English}
}

%url = https://books.google.cz/books?hl=cs&lr=&id=OzkzEAAAQBAJ&oi=fnd&pg=PT16&dq=kotlin&ots=F2VylBsfMk&sig=8WdNx2IQFyQRZBTYJ2ufQVK-TsU&redir_esc=y#v=onepage&q=kotlin&f=false
@book{jemerov2017kotlin,
    title={Kotlin in action},
    author={Jemerov, Dmitry and Isakova, Svetlana},
    year={2017},
    publisher={Simon and Schuster},
    isbn = {9781617293290},
    language = {English}
}

@online{kotlin-vs-java,
    title = {Kotlin VS Java – What's the Difference?},
    author = {Edeh Israel Chidera},
    journal = {freeCodeCamp},
    url = {https://www.freecodecamp.org/news/kotlin-vs-java-whats-the-difference/},
    date = {2023-03-31},
    urldate = {2024-03-26}
}

@online{multiplatform-apps-yojji,
    title = {All You Need To Know About Cross Platform App Development},
    author = {Vladyslav Havrylevskyj},
    journal = {Jojji},
    url = {https://yojji.io/blog/all-you-need-to-know-about-cross-platform-app-development},
    date = {2023-10-25},
    urldate = {2024-02-03}
}

@online{react-native,
    title = {React Native},
    author = {React~Native},
    url = {https://reactnative.dev/},
    urldate = {2024-03-17}
}

@online{what-is-react-native,
    title = {What is React Native And When to Use It For Your App in 2024 (Updated)},
    author = {Patrycja Paterska},
    url = {https://www.elpassion.com/blog/what-is-react-native-and-when-to-use-it},
    journal = {Passion},    
    date = {2024-02-23},
    urldate = {2024-03-17}
}

@online{brainhub-react-native,
    title = {What is React Native? All You Need to Know for 2024},
    author = {Matt Warcholinski},
    url = {https://brainhub.eu/library/what-is-react-native},
    journal = {Brainhub},
    date = {2024-01-11},
    urldate = {2024-03-18}
}

@online{medium-how-react-works,
    title = {How does React Native work? Understanding the architecture},
    author = {Jakub Kosmal},
    url = {https://medium.com/front-end-weekly/how-does-react-native-work-understanding-the-architecture-d9d714e402e0},
    journal = {Medium},
    date = {2022-11-11},
    urldate = {2024-03-18}
}

@online{react-bridge-figure,
    title = {How To Hire React Native Developer - A Guide For The Founder},
    author = {Oleg Goncharenko},
    url = {https://brocoders.com/blog/hire-react-native-developer/},
    journal = {Brocoders},
    date = {2021-06-17},
    urldate = {2024-03-18}
}

%date chybí
@online{react-JSI-figure,
    title = {React Native},
    author = {J.S. Abrahams, G. Andreadis, C.C. Boone, F.W. Dekker},
    url = {https://se.ewi.tudelft.nl/desosa2019/chapters/react-native/},
    journal = {Delft Students On Software Architecture},
    urldate = {2024-03-18}
}

@online{Flutter,
    author = {Flutter},
    title = {Flutter documentation},
    url = {https://docs.flutter.dev/},
    journal = {Flutter},
    urldate = {2024-02-09}
}

@online{AltexSoft_2022,
    author = {AltexSoft},
    title = {The Good and the Bad of Flutter App Development},
    url = {https://www.altexsoft.com/blog/pros-and-cons-of-flutter-app-development/},
    date = {2022-08-04},
    urldate = {2024-02-16}
}

@online{flutter-widget-tree,
    author = {JavaPoint},
    title = {Flutter Widgets},
    url = {https://www.javatpoint.com/flutter-widgets},
    urldate = {2024-03-26}
}


@online{pros-and-cons-flutter,
    title = {Pros and Cons of Flutter App Development},
    author = {Inez, Bartosińska AND  Tymoteusz Buczkowski},
    url = {https://www.thedroidsonroids.com/blog/flutter-pros-and-cons},
    journal = {Droids On Roids},
    date = {2023-07-06},
    urldate = {2024-03-19}
}


@online{Bartosińska_Dembny_2024,
    title={What is flutter and is it the best solution to build your app?},
    author={Bartosińska, Inez AND Dembny, Michał},
    url={https://www.thedroidsonroids.com/blog/what-is-flutter-app-development},
    journal={Droids On Roids},
    date = {2023-08-07},
    urldate = {2024-02-16}
} 

@online{appflyer-hybrid-app,
    title = {Hybrid app},
    author = {AppsFlyer~Ltd.},
    url = {https://www.appsflyer.com/glossary/hybrid-app/},
    date = {2023-09-13},
    urldate = {2024-02-11}
}

@online{hybrid-mobile-app-development,
    title = {What is Hybrid Mobile App Development?},
    author = {Chris Griffith},
    url = {https://ionic.io/resources/articles/what-is-hybrid-app-development},
    date = {2019-02-06},
    urldate = {2024-03-17}
}

@online{hybrid-app-picture,
    title = {What Is a Hybrid App? (Detailed Guide for 2024)},
    author = {Yoshitaka Shiotsu},
    url = {https://www.upwork.com/resources/hybrid-app},
    journal = {upwork},
    date = {2021-11-22},
    urldate = {2024-03-26}
}

@online{Pokorska_2022, 
    author = {Pokorska Joanna},
    title={What is Ionic and how does it work?}, 
    url={https://appstronauts.co/blog/what-is-ionic-and-how-does-it-work/},
    journal={Appstronauts},
    date = {2022-10-20},
    urldate = {2024-02-08}
} 

@Online{Ionic_framework,
    author = {Ionic framework},
    title = {Ionic framework},
    url = {https://ionicframework.com/},
    journal = {Ionic Framework},
    urldate = {2024-02-06}
}

@online{progressive_web_apps,
    title = {Co jsou progresivní webové aplikace (PWA) a jaké mají výhody},
    author = {Barbora Koďousková},
    url = {https://www.rascasone.com/cs/blog/progresivni-webova-aplikace-vyhody},
    date = {2023-07-23},
    urldate = {2024-02-08}
}

@online{pwa-vue,
    title = {What is PWA? Progressive Web Apps in eCommerce Explained},
    author = {Vue~Storefront},
    url = {https://vuestorefront.io/blog/pwa},
    date = {2023-08-23},
    urldarte = {2024-02-09}
}

// Storage

@online{cloud-storage,
    title = {Cloud storage: What is it and how does it work?},
    author = {Saurabh Shashwat},
    url = {https://medium.com/@anukritisaurabh/cloud-storage-what-is-it-and-how-does-it-work-87265f4ebc65},
    date = {2020-02-18},
    urldate = {2024-02-10}
}

year = {no date},
@online{ibm-cloud-storage,
    title = {What is cloud storage?},
    author = {IBM},
    url = {https://www.ibm.com/topics/cloud-storage},
    urldate = {2024-02-10}
}

year = {no date},
@online{amazon-cloud-storage,
    title = {What is Cloud Storage?},
    author = {AWS},
    url = {https://aws.amazon.com/what-is/cloud-storage/},
    urldate = {2024-02-10}
}

//year = {no date},
@online{firebase,
    title = {Firebase},
    author = {Firebase},
    url = {https://firebase.google.com/},
    urldate = {2024-03-10}
}

@online{firebase-meme,
    title = {What is Firebase? The complete story, abridged.},
    author = {Doug Stevenson},
    url = {https://medium.com/firebase-developers/what-is-firebase-the-complete-story-abridged-bcc730c5f2c0},
    date = {2018-08-25},
    urldate = {2024-03-10} 
}

@online{firebase-geeksforgeeks,
    title = {Firebase – Introduction},
    author = {Devang Jagdale},
    url = {https://www.geeksforgeeks.org/firebase-introduction},
    date = {2021-07-15},
    urldate = {2024-03-10}
}

@online{Firestore,
    title = {Cloud Firestore},
    author = {Firebase},
    url = {https://firebase.google.com/docs/firestore},
    urldate = {2024-03-10}
}

@online{Amazon_web_service,
    title = {Start building on AWS today},
    author = {Amazon~Web~Services},
    url = {https://aws.amazon.com/},
    urldate = {2024-03-11}
}

@online{techtarget_AWS,
    title = {Amazon Web Services (AWS)},
    author = {Paul Kirvan},
    url = {https://www.techtarget.com/searchaws/definition/Amazon-Web-Services},
    date = {2024-01-31},
    urldate = {2024-03-11}
}

% date neuvedeno
@online{javapoint-aws-amplify,
    title = {What is AWS Amplify?},
    author = {JavaTPoint},
    url = {https://www.javatpoint.com/what-is-aws-amplify},
    urldate = {2024-03-12}
}

@online{aws-amplify-docs,
    title = {Amplify Documentation},
    author = {Amazon~Web~Services},
    url = {https://docs.amplify.aws/flutter/},
    urldate = {2024-03-12}
}

@online{in-house-servers,
    title = {In-house IT servers Vs Cloud Computing: Which is The Better Alternative for Organizations?},
    author = {Big~Data~Trunk},
    url = {https://bigdatatrunk.medium.com/in-house-it-servers-vs-cloud-computing-which-is-the-better-alternative-for-organizations-18711d8c2533},
    date = {2024-01-25},
    urldate = {2024-02-24}
}

@online{rest-for-mobile-apps,
    title = {How to Create a RESTful API For Your Mobile App (Fast)},
    author = {Ian Blair},
    url = {https://buildfire.com/create-restful-api-mobile-app/},
    date = {2021-09-13},
    urldate = {2024-03-11}
}

@online{understanding-rest-api,
    title = {Understanding REST API: A comprehensive guide},
    author = {Ahsan Manzoor},
    url = {https://datasciencedojo.com/blog/understanding-rest-api/},
    date = {2023-03-30},
    urldate = {2024-03-11}
}

@online{codecami-rest,
    title = {What is REST?},
    author = {Codecademy Team},
    url = {https://www.codecademy.com/article/what-is-rest},
    urldate = {2024-03-13}
}

@online{storage-strategies-for-mobile-app-backend,
    title = {Data Management and Storage Strategies for Mobile App Backend Development},
    author = {Amyra Sheldon},
    url = {https://medium.com/quick-code/data-management-and-storage-strategies-for-mobile-app-backend-development-f0779ccf6bc},
    date = {2023-06-27},
    urldate = {2024-03-10}
}

@online{relational-database,
    title = {What is a relational database?},
    author = {Ben Lutkevich},
    url = {https://www.techtarget.com/searchdatamanagement/definition/relational-database?vgnextfmt=print},
    date = {2021-01-24},
    urldate = {2024-02-28}
}

@online{nosql-database,
    title = {Introduction to NoSQL},
    author = {Ayusharma0698},
    url = {https://www.geeksforgeeks.org/introduction-to-nosql/},
    date = {}
}

@book{mistrostvi_android,
    title = {Mistrovstv{\'\i}-Android},
    author = {Lacko,Ľuboslav},
    year = {2017},
    publisher = {Computer Press},
    address = {Brno},
    edition = {1. vydání},
    isbn = {978-80-251-4875-4},
    language = {Czech},
    note = {Překlad: Herodek, Martin}
}

@online{android-storage,
    title = {Data and file storage overview},
    author = {Android Developers},
    url = {https://developer.android.com/training/data-storage},
    date = {2024-03-12}
}

@book{owens2010sqlite,
    title={SQLite},
    author={Owens, Mike and Allen, Grant},
    year={2010},
    publisher={Apress LP New York}
}

@online{SQLite,
    title = {What Is SQLite?},
    author = {SQLite},
    url = {https://www.sqlite.org/index.html},
    date = {2024-01-23},
    urldate = {2024-02-18}
}

@online{Hive_documentation,
    title = {Hive Docs},
    author = {Simon Choi},
    url = {https://docs.hivedb.dev/#/},
    date = {2022-08-11},
    urldate = {2024-02-19}
}

@online{Hive_package,
    title = {hive 2.2.3},
    author = {Simon Choi},
    url = {https://pub.dev/packages/hive},
    date = {2022-01-20},
    urldate = {2024-02-19}
}

@online{Shared_preferences_package,
    title = {shared\_preferences 2.2.2},
    author = {flutter.dev},
    url = {https://pub.dev/packages/shared_preferences},
    date = {2023-10-10},
    urldate = {2024-02-29}
}

// Implementation

@online{flutter_laucher_icons,
    title = {flutter\_launcher\_icons 0.13.1},
    author = {fluttercommunity.dev},
    url = {https://pub.dev/packages/flutter_launcher_icons/versions/0.13.1},
    date = {2023-04-19},
    urldate = {2024-03-03}
}

@online{flutter_native_splash,
    title = {flutter\_native\_splash 2.2.19},
    author = {Jon Hanson},
    url = {https://pub.dev/packages/flutter_native_splash/versions/2.2.19},
    date = {2023-03-05},
    urldate = {2024-03-03}
}

// Testing 

@online{flutter_testing,
    title = {Testing Flutter apps},
    author = {Google},
    url = {https://docs.flutter.dev/testing/overview},
    date = {2024-03-01},
    urldate = {2024-03-02}
}

@online{it_craft_testing,
    title = {How to test Flutter apps? Practical tips and tools.},
    author = {Róża Kazenas},
    url = {https://itcraftapps.com/blog/how-to-test-flutter-apps-practical-tips-and-tools/},
    date = {2023-04-04},
    urldate = {2024-03-02}
}

@online{flutter-tree-view,
    title = {flutter\_fancy\_tree\_view},
    author = {Matheus Baumgarten},
    url = {https://pub.dev/packages/flutter_fancy_tree_view},
    date = {2024-04-24},
    urldate = {2024-04-29}
}